@Book{vdPut,
 author    = "M. van der Put and M. Singer",
 publisher = "Springer",
 title     = {{Galois Theory of Linear Differential Equations}},
 year      =  2003,
 isbn      = "3-540-44228-6"
}

@Book{vdPut01,
 author    = "M. van der Put and M.Singer",
 publisher = "Springer",
 title     = {{Galois Theory of Difference Equations}},
 year      =  1997,
}

@Book{Curtis,
 author    = "C. W. Curtis and I. Reiner",
 publisher = "John Wiley and Sons, New York",
 title     = {{Representation Theory of Finite Groups and Associative Algebras}},
 year      =  1962,
 %isbn      = "13-540-44228-6"
}

@Book{Eng,
 author    = "A. J. Engler and A. Prestel",
 publisher = "Springer",
 title     = {{Valued Fields}},
 year      =  2005,
 %isbn      = "13-540-44228-6"
}

@Book{Goss,
 author    = "D. Goss",
 publisher = "Springer",
 title     = {{Basic Structures of Function Field Arithmetic}},
 year      =  1999,
 %isbn      = "13-540-44228-6"
}

@Book{Tits,
 author    = "J. Tits",
 publisher = "Yale University",
 title     = {{Lectures on Algebraic Groups}},
 year      =  "1968",
 note      = "Lecture Notes"
 %isbn      = "13-540-44228-6"
}

@Book{Wehr,
 author    = "B. A. F. Wehrfritz",
 publisher = "Springer-Verlag",
 title     = {{Infinite Linear Groups}},
 year      =  1973,
 %isbn      = "13-540-44228-6"
}
@Book{McLane,
 author    = "S. Mac Lane",
 publisher = "Springer-Verlag",
 title     = {{Categories for the Working Mathematician}},
 year      =  1971,
 %isbn      = "13-540-44228-6"
}

@Book{Meyberg,
 author    = "K. Meyberg",
 publisher = "Carl Hasner Verlag München Wien",
 title     = {{Algebra}},
 year      =  1976,
 %isbn      = "13-540-44228-6"
}

@Book{Springer,
 author    = "T. A. Springer",
 publisher = "Birkhäuser",
 title     = {{Linear Algebraic Groups}},
 year      =  1998,
 edition   = {{second}},
 %isbn      = "13-540-44228-6"
}

@Book{Stich,
 author    = "H. Stichtenoth",
 publisher = "Springer-Verlag",
 title     = {{Algebraic Function Fields and Codes}},
 year      =  2009,
 edition   = {{second}},
 %isbn      = "13-540-44228-6"
}


@incollection{Deligne,
 author    = "P. Deligne and J. S. Milne",
 publisher = "Springer-Verlag Berlin Heidelberg New York",
 title     = {{Tannakian Categories}},
 booktitle = {{Hodge Cycles, Motives and Shimura Varieties}},
 year      =  1982,
 pages     =  "101-229"
 %isbn      = "13-540-44228-6"
}

@incollection{Hrushovski,
 author    = "E. Hrushovski",
 publisher = "Banach Center Publications",
 editor = "T. Crespo and Z. Hajto",
 title     = {{Computing the Galois Group of a Linear Differential Equation}},
 booktitle = {{Differential Galois Theory}},
 volume    = 58,
 year      =  2002,
 pages     =  "97-138",
 %isbn      = "13-540-44228-6"
}

@article{Amano,
  author = "K. Amano and A. Masuoka",
  year = "2005",
  title = {{Picard-Vessiot extensions of artinian simple module algebras}},
  journal = "Journal of Algebra",
  volume = "285",
  pages = "743--767"
}


@article{Blich,
  author = "H. F. Blichtfeldt",
  year = "1917",
  title = {{Finite Collineation Groups}},
  journal = "University of Chicago Press",
  %volume = "84(2)",
  %pages = "381--399"
}


@article{Brauer,
  author = "R. Brauer and W. Feit",
  year = "1966",
  title = {{An Analogue of Jordan's Theorem in characteristic $p$}},
  journal = "Annals of Mathematics",
  volume = "84(2)",
  pages = "381--399"
}

@incollection{Matzat01,
 author    = "B. H. Matzat",
 publisher = "Kluwer, Dodrecht",
 editor = "K. Miyake et al.",
 title     = {{Frobenius Modules and Galois Groups}},
 booktitle = {{Galois theory and modular forms}},
 year      =  2003,
 pages     =  "233-268",
 %isbn      = "13-540-44228-6"
}

@article{Matzat02,
  author = "B. H. Matzat",
  year = "2009",
  title = {{From Frobenius Structures to Differential Equations}},
  journal = "DART II Proceedings, World Scientific Publisher",
  %volume = "",
  %pages = ""
}

@article{Matzat03,
  author = "B. H. Matzat",
  year = "2009",
  title = {{Frobenius Modules and Galois Representations}},
  journal = "Annales de l'institut Fourier",
  volume = "59",
  number = "7",
  pages = "2805-2818"
}

@article{Matzat04,
  author = "B. H. Matzat",
  year = "IWR-Preprint 2001",
  title = {{Differential Galois Theory in Positive Characteristic}},
  %journal = "To Appear DART II Proceedings",
  %volume = "",
  %pages = ""
}



@article{Ore01,
  author = "O. Ore",
  year = "1933",
  title = {{Theory of Non-Commutative Polynomials}},
  journal = "Annals of Mathematics",
  volume = "34(22)",
  pages = "480--508"
}

@article{Gies01,
  author = "M. Giesbrecht and Y. Zhang",
  year = "2003",
  title = {{Factoring and Decomposing Ore Polynomials over $\galois{q}(t)$}},
  journal = "ACM International Symposium on Symbolic and Algebraic Computation (ISSAC)",
  pages = "127--134"
}

@article{Singer01,
  author = "M. F. Singer and F. Ulmer",
  year = "1993",
  title = {{Galois Groups of Second and Third Order Linear Differential Equations}},
  journal = "Journal of Symbolic Computation",
  volume = "16",
  pages = "9--36"
}

@article{Kovacic01,
  author = "J. Kovacic",
  year = "1972",
  title = {{An Eisenstein criterium for noncommutative polynomials}},
  journal = "Proc. Amer. Math. Soc.",
  volume = "34",
}

@article{Kovacic02,
  author = "J. Kovacic",
  year = "1986",
  title = {{An Algorithm for solving second order linear homogeneous differential equations}},
  journal = "Journal of Symbolic Computation",
  volume = "2",
}

@article{Beke01,
  author = "E. Beke",
  year = "1894",
  title = {{Die Irreducibilität der homogenen linearen Differential-Gleichungen}},
  journal = "Mathematische Annalen",
  volume = "45",
  pages = "278--300"
}

@article{Hend,
  author = "P. A. Hendriks",
  year = "1996",
  title = {{An Algorithm determining the difference Galois group for second order linear difference equations}},
  journal = "To Appear in Journal of Symbolic Computation",

}

@article{Papa,
  author = "M.A. Papanikolas",
  year = "2008",
  title = {{Tannakian duality for Anderson-Drinfeld motives and algebraic independence of Carlitz logarithms}},
  journal = "Innventiones mathematicae",
  volume = "171",
  pages ="123-174"
}

@article{Kol,
  author = "E.R. Kolchin",
  year = "1948",
  title = {{Algebraic Matrix Groups and the Picard-Vessiot Theory of homogeneous linear ordinaray differential equations}},
  journal = "Annals of Mathematics",
  volume = "49",
  pages ="1-42"
}

@article{Bald,
  author = "F. Baldassarri and B. Dwork",
  year = "1979",
  title = {{On Second Order Linear Differential Equations with Algebraic Solutions}},
  journal = "American Journal of Mathematics",
  volume = "101",
  pages ="42-76"
}
